[gd_scene load_steps=20 format=2]

[ext_resource path="res://art/buddy.png" type="Texture" id=1]
[ext_resource path="res://Components/CombatStats.tscn" type="PackedScene" id=2]
[ext_resource path="res://Actors/Enemy.gd" type="Script" id=3]
[ext_resource path="res://Components/GridMover.tscn" type="PackedScene" id=4]
[ext_resource path="res://Components/BlocksCell.tscn" type="PackedScene" id=5]
[ext_resource path="res://Components/PlayerViewshedVisibilityEnabler.tscn" type="PackedScene" id=6]
[ext_resource path="res://Components/ReactsToPlayerInViewshed.tscn" type="PackedScene" id=7]
[ext_resource path="res://Actors/HealthBar.tscn" type="PackedScene" id=8]
[ext_resource path="res://Components/StopsPlayerMovementOnSight.tscn" type="PackedScene" id=9]

[sub_resource type="AtlasTexture" id=1]
atlas = ExtResource( 1 )
region = Rect2( 0, 0, 8, 8 )

[sub_resource type="AtlasTexture" id=2]
atlas = ExtResource( 1 )
region = Rect2( 8, 0, 8, 8 )

[sub_resource type="AtlasTexture" id=3]
atlas = ExtResource( 1 )
region = Rect2( 16, 0, 8, 8 )

[sub_resource type="AtlasTexture" id=4]
atlas = ExtResource( 1 )
region = Rect2( 24, 0, 8, 8 )

[sub_resource type="AtlasTexture" id=5]
atlas = ExtResource( 1 )
region = Rect2( 32, 0, 8, 8 )

[sub_resource type="AtlasTexture" id=6]
atlas = ExtResource( 1 )
region = Rect2( 40, 0, 8, 8 )

[sub_resource type="AtlasTexture" id=7]
atlas = ExtResource( 1 )
region = Rect2( 48, 0, 8, 8 )

[sub_resource type="AtlasTexture" id=8]
atlas = ExtResource( 1 )
region = Rect2( 56, 0, 8, 8 )

[sub_resource type="SpriteFrames" id=9]
animations = [ {
"frames": [ SubResource( 1 ), SubResource( 2 ), SubResource( 3 ), SubResource( 4 ), SubResource( 5 ), SubResource( 6 ), SubResource( 7 ), SubResource( 8 ) ],
"loop": true,
"name": "default",
"speed": 5.0
} ]

[sub_resource type="Animation" id=10]
resource_name = "Damaged"
length = 0.2
step = 0.02
tracks/0/type = "value"
tracks/0/path = NodePath("AnimatedSprite:position")
tracks/0/interp = 2
tracks/0/loop_wrap = true
tracks/0/imported = false
tracks/0/enabled = true
tracks/0/keys = {
"times": PoolRealArray( 0, 0.02, 0.04, 0.06, 0.1, 0.14, 0.16, 0.18, 0.2 ),
"transitions": PoolRealArray( 1, 1, 1, 1, 1, 1, 1, 1, 1 ),
"update": 0,
"values": [ Vector2( 0, 0 ), Vector2( 2, 0 ), Vector2( -2, -2 ), Vector2( 0, 2 ), Vector2( 0, 0 ), Vector2( -2, 0 ), Vector2( 2, 2 ), Vector2( 0, -2 ), Vector2( 0, 0 ) ]
}

[node name="Enemy" type="Node2D"]
script = ExtResource( 3 )

[node name="HealthBar" parent="." instance=ExtResource( 8 )]
visible = false
margin_left = -11.0
margin_top = -18.7656
margin_right = 11.0
margin_bottom = -13.7656
size_flags_horizontal = 1
size_flags_vertical = 1

[node name="BlocksCell" parent="." instance=ExtResource( 5 )]

[node name="GridMover" parent="." instance=ExtResource( 4 )]
animation_duration = 0.05

[node name="AnimatedSprite" type="AnimatedSprite" parent="."]
modulate = Color( 0.905882, 0.431373, 0.431373, 1 )
scale = Vector2( 2, 2 )
frames = SubResource( 9 )
frame = 7

[node name="CombatStats" parent="." instance=ExtResource( 2 )]
display_name = "Enemy"

[node name="AnimationPlayer" type="AnimationPlayer" parent="."]
anims/Damaged = SubResource( 10 )

[node name="PlayerViewshedVisibilityEnabler" parent="." instance=ExtResource( 6 )]

[node name="ReactsToPlayerInViewshed" parent="." instance=ExtResource( 7 )]
view_distance = 8

[node name="StopsPlayerMovementOnSight" parent="." instance=ExtResource( 9 )]
[connection signal="blocked" from="GridMover" to="." method="_on_GridMover_blocked"]
[connection signal="died" from="CombatStats" to="." method="_on_CombatStats_died"]
[connection signal="take_damage" from="CombatStats" to="." method="_on_CombatStats_take_damage"]
